<?xml version="1.0" encoding="UTF-8"?><collection xmlns="http://www.loc.gov/MARC21/slim"><record><leader>00624nam--2200205-i-4500</leader><controlfield tag="001">000017321</controlfield><controlfield tag="002">20161230</controlfield><controlfield tag="005">20161230201032</controlfield><controlfield tag="008">060222s1000------------r-----000-0-eng-d</controlfield><datafield ind1=" " ind2=" " tag="040"><subfield code="a">IFIN-HH</subfield></datafield><datafield ind1=" " ind2=" " tag="080"><subfield code="a">539.1(061.3)</subfield></datafield><datafield ind1="1" ind2=" " tag="100"><subfield code="a">Blasi, P</subfield></datafield><datafield ind1="1" ind2="0" tag="245"><subfield code="a">Proceedings of the intrnational conference on nuclear physics, florence august 29 - september 3, 1983</subfield><subfield code="c">P. BLASI; R.A. RICCI (Eds.)</subfield></datafield><datafield ind1=" " ind2=" " tag="260"><subfield code="a">Bologna</subfield><subfield code="b">Tipografia Compositori</subfield><subfield code="c">1983</subfield></datafield><datafield ind1=" " ind2=" " tag="300"><subfield code="a">2 volumes</subfield></datafield><datafield ind1=" " ind2=" " tag="490"><subfield code="a">Proceedings</subfield></datafield><datafield ind1="1" ind2=" " tag="700"><subfield code="a">Ricci, R.A</subfield><subfield code="e">Ed</subfield></datafield><datafield ind1=" " ind2=" " tag="787"><subfield code="a">Vol. 2</subfield><subfield code="h">801 P</subfield><subfield code="t">Invited Papers</subfield></datafield><datafield ind1=" " ind2=" " tag="852"><subfield code="a">80261</subfield><subfield code="c">539</subfield></datafield><datafield ind1=" " ind2=" " tag="CAT"><subfield code="a">Sys</subfield><subfield code="c">20110105</subfield><subfield code="h">112516</subfield></datafield></record></collection>